# Bibliography
@article{alexopoulos2012,
  author = {Alexopoulos, T. and Fiedler, K. and Freytag, P.},
  title = {The impact of open and closed mindsets on evaluative priming},
  journal = {Cognitive \& Emotion},
  year = {2012},
  volume = {26},
  number = {6},
  pages = {978--994},
  url = {https://www.tandfonline.com/doi/pdf/10.1080/02699931.2011.630991}
}

@book{aicpa2012,
  author = {{American Institute of Certified Public Accountants (AICPA)}},
  title = {AU-C ยง200: Overall objectives of the independent auditor and the conduct of an audit in accordance with generally accepted auditing standards},
  year = {2012},
  publisher = {AICPA}
}

@article{anderson1999,
  author = {Anderson, B. H. and Maletta, M. J.},
  title = {Primacy effects and the role of risk in auditor belief-revision processes},
  journal = {Auditing: A Journal of Practice and Theory},
  year = {1999},
  volume = {18},
  number = {1},
  pages = {75--89},
  url = {https://www.proquest.com/docview/216738986/fulltextPDF/8B894E34B02340ECPQ/1?sourcetype=Scholarly%20Journals}
}

@incollection{asch2016,
  author = {Asch, S. E.},
  title = {Effects of Group Pressure upon the Modification and Distortion of Judgments},
  booktitle = {Organizational Influence Processes},
  editor = {Allen, R. W. and Porter, L. W. and Angle, H. L.},
  pages = {295--303},
  publisher = {Routledge},
  address = {New York, NY},
  year = {2016},
  url = {https://www.taylorfrancis.com/chapters/edit/10.4324/9781315290614-20/effects-group-pressure-upon-modification-distortion-judgments-solomon-asch}
}

@article{ashton1988,
  author = {Ashton, A. H. and Ashton, R. H.},
  title = {Sequential Belief Revision in Auditing},
  journal = {The Accounting Review},
  year = {1988},
  volume = {63},
  number = {4},
  pages = {623--641},
  url = {https://www.jstor.org/stable/pdf/247903.pdf}
}

@mastersthesis{bambani2017,
  author = {Bambani, R.},
  title = {The Role of Priming in Alleviating Bias Within Auditor Judgement},
  school = {University of Amsterdam},
  year = {2017},
  type = {Master's Thesis}
}

@article{bargh1996,
  author = {Bargh, J. A. and Chen, M. and Burrows, L.},
  title = {Automaticity of Social Behavior: Direct Effects of Trait Construct and Stereotype Activation on Action},
  journal = {Journal of Personality and Social Psychology},
  year = {1996},
  volume = {71},
  number = {2},
  pages = {230--244},
  url = {https://web.mit.edu/curhan/www/docs/Articles/15341_Readings/Social_Cognition/Bargh_et_al_1996_Automaticity_of_social_behavior.pdf}
}

@article{begg1989,
  author = {Begg, I. and Duft, S. and Lalonde, P. and Melnick, R. and Sanvito, J.},
  title = {Memory predictions are based on ease of processing},
  journal = {Journal of Memory and Language},
  year = {1989},
  volume = {28},
  number = {5},
  pages = {610--632},
  url = {https://www.sciencedirect.com/science/article/pii/0749596X89900168?via%3Dihub}
}

@article{bennett2013,
  author = {Bennett, B. and Hatfield, R. C.},
  title = {The Effect of the Social Mismatch between Staff Auditors and Client Management on the Collection of Audit Evidence},
  journal = {The Accounting Review},
  year = {2013},
  volume = {88},
  number = {1},
  pages = {31--50},
  url = {https://www.jstor.org/stable/pdf/41721934.pdf}
}

@article{burger2009,
  author = {Burger, J. M.},
  title = {Replicating Milgram: Would people still obey today?},
  journal = {American Psychologist},
  year = {2009},
  volume = {64},
  number = {1},
  pages = {1--11},
  url = {https://www.proquest.com/docview/614495466?accountid=12964&sourcetype=Scholarly%20Journals}
}

@article{casciaro2005,
  author = {Casciaro, T. and Piskorski, M. J.},
  title = {Power Imbalance, Mutual Dependence, and Constraint Absorption: A Closer Look at Resource Dependence Theory},
  journal = {Administrative Science Quarterly},
  year = {2005},
  volume = {50},
  number = {2},
  pages = {167--199},
  url = {https://journals.sagepub.com/doi/epdf/10.2189/asqu.2005.50.2.167}
}

@article{daniel2018,
  author = {Daniel, T. A. and Katz, J. S.},
  title = {Primacy and recency effects for taste},
  journal = {Journal of Experimental Psychology},
  year = {2018},
  volume = {44},
  number = {3},
  pages = {399--405},
  url = {https://psycnet.apa.org/record/2017-28277-001}
}

@article{evans1993,
  author = {Evans, J. and Over, D. E. and Manktelow, K. I.},
  title = {Reasoning, decision making and rationality},
  journal = {Cognition},
  year = {1993},
  volume = {49},
  number = {1-2},
  pages = {165--187},
  url = {https://www.sciencedirect.com/science/article/pii/001002779390039X?via%3Dihub}
}

@article{gibbins1984,
  author = {Gibbins, M.},
  title = {Propositions about the Psychology of Professional Judgment in Public Accounting},
  journal = {Journal of Accounting Research},
  year = {1984},
  volume = {22},
  number = {1},
  pages = {103--125},
  url = {https://www.jstor.org/stable/pdf/2490703.pdf}
}

@article{gorman1986,
  author = {Gorman, M. E.},
  title = {How the possibility of error affects falsification on a task that models scientific problem solving},
  journal = {British Journal of Psychology},
  year = {1986},
  volume = {77},
  pages = {85--96},
  url = {https://bpspsychub.onlinelibrary.wiley.com/doi/pdf/10.1111/j.2044-8295.1986.tb01984.x}
}

@article{hammersley2010,
  author = {Hammersley, J. S. and Bamber, E. M. and Carpenter, T. D.},
  title = {The Influence of Documentation Specificity and Priming on Auditors Fraud Risk Assessments and Evidence Evaluation Decisions},
  journal = {The Accounting Review},
  year = {2010},
  volume = {85},
  number = {2},
  pages = {547--571},
  url = {https://www.jstor.org/stable/pdf/20744141.pdf}
}

@incollection{higgins1996,
  author = {Higgins, T. E.},
  title = {Knowledge Activation: Accessibility, Applicability, and Salience},
  booktitle = {Social Psychology: Handbook of Basic Principles},
  editor = {Higgins, T. E. and Kruglanski, A. W.},
  pages = {133--168},
  publisher = {The Guilford Press},
  year = {1996},
  address = {New York, NY},
  url = {https://www.researchgate.net/profile/E-Higgins-2/publication/232462113_Knowledge_activation_Accessibility_applicability_and_salience/links/5944511ba6fdccb93ab5ae6c/Knowledge-activation-Accessibility-applicability-and-salience.pdf}
}

@article{hilton1993,
  author = {Hilton, J. L. and Fein, S. and Miller, D. T.},
  title = {Suspicion and Dispositional Inference},
  journal = {Personality and Social Psychology Bulletin},
  year = {1993},
  volume = {19},
  number = {5},
  pages = {501--512},
  url = {https://journals.sagepub.com/doi/abs/10.1177/0146167293195003}
}

@article{hogarth1992,
  author = {Hogarth, R. M. and Einhorn, H. J.},
  title = {Order effects in belief updating: The belief-adjustment model},
  journal = {Cognitive Psychology},
  year = {1992},
  volume = {24},
  number = {1},
  pages = {1--55},
  url = {https://www.sciencedirect.com/science/article/pii/001002859290002J}
}

@article{hurtt2007,
  author = {Hurtt, K.},
  title = {Development of a Scale to Measure Professional Skepticism},
  journal = {Auditing: A Journal of Practice and Theory},
  year = {2007},
  volume = {29},
  number = {1},
  pages = {149--171},
  url = {https://publications.aaahq.org/ajpt/article-abstract/29/1/149/5718/Development-of-a-Scale-to-Measure-Professional}
}

@unpublished{hurtt2008,
  author = {Hurtt, K. and Eining, M. M. and Plumlee, D.},
  title = {An experimental evaluation of professional skepticism},
  note = {Working Paper, Baylor University},
  year = {2008},
  url = {https://papers.ssrn.com/sol3/papers.cfm?abstract_id=1140267}
}

@book{james1890,
  author = {James, W.},
  title = {The principles of psychology},
  year = {1890},
  address = {New York, NY},
  publisher = {Henry Holt and Company}
}

@article{kennedy1995,
  author = {Kennedy, J.},
  title = {Debiasing the Curse of Knowledge in Audit Judgment},
  journal = {The Accounting Review},
  year = {1995},
  volume = {70},
  number = {2},
  pages = {249--273},
  url = {https://www.jstor.org/stable/pdf/248305.pdf}
}

@article{kilger2012,
  author = {Kilger, D. and Gilad, D.},
  title = {Red light, green light: Color priming in financial decisions},
  journal = {The Journal of Socio-Economics},
  year = {2012},
  volume = {41},
  number = {5},
  pages = {738--745},
  url = {https://www.sciencedirect.com/science/article/pii/S1053535712000893}
}

@article{krishnamoorthy1999,
  author = {Krishnamoorthy, G. and Mock, T. J. and Washington, M. T.},
  title = {A comparative evaluation of belief revision models in auditing},
  journal = {Auditing: A Journal of Practice and Theory},
  year = {1999},
  volume = {18},
  number = {2},
  pages = {105--127},
  url = {https://publications.aaahq.org/ajpt/article-abstract/18/2/105/5449/A-Comparative-Evaluation-of-Belief-Revision-Models}
}

@article{lippitt1952,
  author = {Lippitt, R. and Polansky, N. and Rosen, S.},
  title = {The Dynamics of Power: A Field Study of Social Influenec in Groups of Children},
  journal = {Human Relations},
  year = {1952},
  volume = {5},
  number = {1},
  pages = {37--64},
  url = {https://journals.sagepub.com/doi/abs/10.1177/001872675200500102}
}

@article{loersch2016,
  author = {Loersch, C. and Payne, B. K.},
  title = {Demystifying priming},
  journal = {Current Opinion in Psychology},
  year = {2016},
  volume = {12},
  pages = {32--36},
  url = {https://www.sciencedirect.com/science/article/pii/S2352250X16300446?casa_token=BFmy81zQxoUAAAAA:YnkKzeuiH6XcxVL-xS7an7mL-bn_LRmK7zkxTcrr-wT_TJ3ftcuXEypLvVRzuLu3tS2PTjqaGA}
}

@article{lombardi1987,
  author = {Lombardi, W. J. and Higgins, T. E. and Bargh, J. A.},
  title = {The Role of Consciousness in Priming Effects on Categorization: Assimilation Versus Contrast as a Function of Awareness of the Priming Task},
  journal = {Personality and Social Psychology Bulletin},
  year = {1987},
  volume = {13},
  number = {3},
  pages = {411--429},
  url = {https://journals.sagepub.com/doi/abs/10.1177/0146167287133009}
}

@article{martin1986,
  author = {Martin, L. L.},
  title = {Set/reset: Use and disuse of concepts in impression formation},
  journal = {Journal of Personality and Social Psychology},
  year = {1986},
  volume = {51},
  number = {3},
  pages = {493--504},
  url = {https://www.proquest.com/docview/614301969?accountid=12964&sourcetype=Scholarly%20Journals}
}

@article{mcmillian1993,
  author = {McMillian, J. J. and White, R. A.},
  title = {Auditors Belief Revisions and Evidence Search: The Effect of Hypothesis Frame, Confirmation Bias, and Professional Skepticism},
  journal = {The Accounting Review},
  year = {1993},
  volume = {68},
  number = {3},
  pages = {443--465},
  url = {https://www.jstor.org/stable/248196?seq=3}
}

@article{messier1994,
  author = {Messier, W. F. and Tubbs, R. M.},
  title = {Recency effects in belief revision: The impact of audit experience and the review process},
  journal = {Auditing},
  year = {1994},
  volume = {13},
  number = {1},
  pages = {57},
  url = {https://www.proquest.com/docview/216733807?pq-origsite=gscholar&fromopenview=true&sourcetype=Scholarly%20Journals}
}

@book{milgram1974,
  author = {Milgram, S.},
  title = {Obedience to authority: An experimental view},
  year = {1974},
  publisher = {Harper and Row},
  address = {New York, NY}
}

@article{murdock1962,
  author = {Murdock, B. B.},
  title = {The Serial Position Effect of Free Recall},
  journal = {Journal of Experimental Psychology},
  year = {1962},
  volume = {64},
  number = {5},
  pages = {482--488},
  url = {https://www.proquest.com/docview/614314178?accountid=12964&sourcetype=Scholarly%20Journals}
}

@article{murphy1993,
  author = {Murphy, S. T. and Zajonc, R. B.},
  title = {Affect, Cognition, and Awareness: Affective Priming With Optimal and Suboptimal Stimulus Exposures},
  journal = {Journal of Personality and Social Psychology},
  year = {1993},
  volume = {64},
  number = {5},
  pages = {723--739},
  url = {https://psycnet.apa.org/buy/1993-32157-001}
}

@article{pataranutaporn2023,
  author = {Pataranutaporn, P. and Liu, R. and Finn, E. and Maes, P.},
  title = {Influencing humanโAI interaction by priming beliefs about AI can increase perceived trustworthiness, empathy, and effectiveness},
  journal = {Nature Machine Intelligence},
  year = {2023},
  volume = {5},
  pages = {1076--1086},
  url = {https://www.nature.com/articles/s42256-023-00720-7.pdf}
}

@article{pei1992,
  author = {Pei, B. K. and Reed, S. A. and Koch, B. S.},
  title = {Auditor belief revisions in a performance auditing setting: An application of the belief-adjustment model},
  journal = {Accounting, Organizations and Society},
  year = {1992},
  volume = {17},
  number = {2},
  pages = {169--183},
  url = {https://www.sciencedirect.com/science/article/pii/036136829290009H?via%3Dihub}
}

@article{pitz1967,
  author = {Pitz, G. F. and Downing, L.},
  title = {Optimal behavior in a decision-making task as a function of instructions and payoffs},
  journal = {Journal of Experimental Psychology},
  year = {1967},
  volume = {73},
  number = {4},
  pages = {549--555},
  url = {https://www.proquest.com/docview/614340981?accountid=12964&sourcetype=Scholarly%20Journals}
}

@misc{pcaob2024,
  author = {{Public Accounting Oversight Board (PCAOB)}},
  title = {AS 1000: General responsibilities of the auditor in conducting an audit},
  year = {2024},
  note = {Retrieved from https://pcaobus.org/oversight/standards/auditing-standards/details/AS1000}
}

@article{rudman2010,
  author = {Rudman, L. A. and Phelan, J. E.},
  title = {The Effect of Priming Gender Roles on Womens Implicit Gender Beliefs and Career Aspirations},
  journal = {Social Psychology},
  year = {2010},
  volume = {41},
  number = {3},
  pages = {192--202},
  url = {https://econtent.hogrefe.com/doi/abs/10.1027/1864-9335/a000027?journalCode=zsp}
}

@phdthesis{yuan1997,
  author = {Yuan, X.},
  title = {The relationship between memory and social judgement: A dynamical perspective},
  school = {ProQuest Dissertations \& Theses Global},
  year = {1997},
  note = {Available from ProQuest Dissertations \& Theses Global},
  url = {https://www.proquest.com/docview/304353699?fromopenview=true&pq-origsite=gscholar&sourcetype=Dissertations%20&%20Theses}
}

@article{zajonc1980,
  author = {Zajonc, R. B.},
  title = {Feeling and Thinking: Preferences Need No Inferences},
  journal = {American Psychologist},
  year = {1980},
  volume = {35},
  number = {2},
  pages = {151--175},
  url = {https://www.proquest.com/docview/614314948?accountid=12964&sourcetype=Scholarly%20Journals}
}
